% This file was created with JabRef 2.5.
% Encoding: Cp1252

@ARTICLE{Deutsch:Circuitos,
  author = {David Deutsch},
  title = {Quantum Computational Networks},
  journal = {Proc. R. Soc. London {A}},
  year = {1989},
  volume = {425},
  pages = {73-90},
  owner = {elloa},
  timestamp = {2010.05.27}
}

@ARTICLE{Deutsch:QuantumTheory,
  author = {David Deutsch},
  title = {Quantum {T}heory, the {C}hurch-{T}uring {P}rinciple and the {U}niversal
	{Q}uantum {C}omputer},
  journal = {Proceedings of the Royal Society of London A},
  year = {1985},
  volume = {400},
  pages = {97-117},
  owner = {elloa},
  timestamp = {2010.01.26}
}

@ARTICLE{Bennett:QuantumInformationSurvey,
  author = {Charles H. Bennett and Peter W. Shor},
  title = {Quantum Information Theory},
  journal = {{IEEE} Transactions on Information Theory},
  year = {1998},
  volume = {44},
  number = {6},
  pages = {2724-2742},
  owner = {elloa}
}

@BOOK{Davidson:CStarAlgebras,
  AUTHOR =       {K. Davidson},
  address =      {Rhode Island, Estados Unidos},
  title =        {$C^{\ast}$-algebras by example},
  PUBLISHER =    {Fields Institute Monographs, Amer. Math. Soc.},
  YEAR =         {1996}
}

@INPROCEEDINGS{Rex:ZeroErrorDFS,
 author={R.A. Medeiros and R. Alleaume and G. Cohen and F. M. {DE ASSIS}},
 booktitle = {{IEEE} International Telecommunications Symposium},
 title={Zero-error capacity of quantum channels and noiseless subsystems},
 year={2006},
 pages={900-905},
 address = {Fortaleza, Cear�, Brasil},
 publisher = {{IEEE} Press}
}

@BOOK{Chuang:Biblia,
  author = {Michael A. Nielsen and Isaac L. Chuang},
  title = {Quantum Computation and Quantum Information},
  publisher = {Cambridge University Press},
  year = {2010},
  address = {Cambridge, Inglaterra},
  owner = {elloa},
  timestamp = {2007.12.17}
}

@BOOK{Williams:Explorations2nd,
  title = {Explorations in Quantum Computing},
  publisher = {Springer},
  year = {2011},
  editor = {Springer},
  author = {Colin P. Williams},
  edition = {2},
  address = {Calif�rnia, Estados Unidos},
  owner = {elloa},
  timestamp = {2011.09.03}
}

@book{russell2016artificial,
  title={Artificial Intelligence: A Modern Approach},
  author={Russell, Stuart and Norvig, Peter},
  year={2016},
  publisher={Pearson}
}

@book{goodfellow2016deep,
  title={Deep Learning},
  author={Goodfellow, Ian and Bengio, Yoshua and Courville, Aaron},
  year={2016},
  publisher={MIT Press}
}

@article{brown2020language,
  title={Language models are few-shot learners},
  author={Brown, Tom and Mann, Benjamin and Ryder, Nick and others},
  journal={Advances in Neural Information Processing Systems},
  volume={33},
  pages={1877--1901},
  year={2020}
}

@article{shen2021artificial,
  title={Artificial Intelligence in Radiology: Current Applications and Future Directions},
  author={Shen, David and Wu, George and Suk, Heung-Il},
  journal={Nature Biomedical Engineering},
  volume={5},
  pages={509--525},
  year={2021}
}

@article{devlin2018bert,
  title={BERT: Pre-training of Deep Bidirectional Transformers for Language Understanding},
  author={Devlin, Jacob and Chang, Ming-Wei and Lee, Kenton and Toutanova, Kristina},
  journal={arXiv preprint arXiv:1810.04805},
  year={2018}
}

@article{bommasani2021opportunities,
  title={On the Opportunities and Risks of Foundation Models},
  author={Bommasani, Rishi and others},
  journal={arXiv preprint arXiv:2108.07258},
  year={2021}
}

@article{lewis2020retrieval,
  title={Retrieval-Augmented Generation for Knowledge-Intensive NLP Tasks},
  author={Lewis, Patrick et al.},
  journal={arXiv preprint arXiv:2005.11401},
  year={2020}
}

@article{mialon2023augmented,
  title={Augmented Language Models: a Survey},
  author={Mialon, Gr{\'e}goire and Scialom, Thomas and others},
  journal={arXiv preprint arXiv:2302.07842},
  year={2023}
}

@article{mikolov2013distributed,
  title={Distributed Representations of Words and Phrases and Their Compositionality},
  author={Mikolov, Tomas and Sutskever, Ilya and Chen, Kai and Corrado, Greg S and Dean, Jeffrey},
  journal={Advances in Neural Information Processing Systems},
  volume={26},
  year={2013}
}

@article{pennington2014glove,
  title={GloVe: Global Vectors for Word Representation},
  author={Pennington, Jeffrey and Socher, Richard and Manning, Christopher D},
  journal={Proceedings of the 2014 Conference on Empirical Methods in Natural Language Processing},
  pages={1532--1543},
  year={2014}
}

@article{johnson2019billion,
  title={Billion-scale similarity search with GPUs},
  author={Johnson, Jeff and Douze, Matthijs and J{\'e}gou, Herv{\'e}},
  journal={IEEE Transactions on Big Data},
  year={2019}
}

@article{jiang2021efficient,
  title={Efficient Similarity Search for Embeddings of High-Dimensional Data},
  author={Jiang, Min and others},
  journal={Proceedings of the IEEE International Conference on Data Engineering (ICDE)},
  year={2021}
}

@article{robertson2009probabilistic,
  title={The probabilistic relevance framework: BM25 and beyond},
  author={Robertson, Stephen and Zaragoza, Hugo},
  journal={Foundations and Trends in Information Retrieval},
  volume={3},
  number={4},
  pages={333--389},
  year={2009}
}

@book{manning2008introduction,
  title={Introduction to Information Retrieval},
  author={Manning, Christopher D and Raghavan, Prabhakar and Schütze, Hinrich},
  year={2008},
  publisher={Cambridge University Press}
}

@article{fix1951discriminatory,
  title={Discriminatory Analysis: Nonparametric Discrimination: Consistency Properties},
  author={Fix, Evelyn and Hodges Jr, Joseph L},
  journal={Project 21-49-004, Report Number 4, USAF School of Aviation Medicine},
  year={1951}
}

@article{vaswani2017attention,
  title={Attention is All You Need},
  author={Vaswani, Ashish and others},
  journal={Advances in Neural Information Processing Systems},
  volume={30},
  year={2017}
}
